@inproceedings{domingos, 
author={J. Domingos and N. Sim√µes and P. Pereira and C. Silva and L. Marcelino}, 
title={Database synchronization model for mobile devices}, 
year={2014}, 
pages={1-7},
booktitle= {2014 9th Iberian Conference on Information Systems and Technologies (CISTI)},
organization={IEEE}}

@inproceedings{choi,
  title={A synchronization algorithm of mobile database for ubiquitous computing},
  author={Choi, Mi-Young and Cho, Eun-Ae and Park, Dae-Ha and Bae, Jong-Youn and Moon, Chang-Joo and Baik, Doo-Kwon},
  booktitle={2009 Fifth International Joint Conference on INC, IMS and IDC},
  pages={416--419},
  year={2009},
  organization={IEEE}}

@article{ramya,
  title={A stateful database synchronization approach for mobile devices},
  author={Ramya, B Sri and Koduri, Shirin Bhanu and Seetha, M},
  journal={International Journal of Soft Computing and Engineering (IJSCE)},
  number={3},
  year={2012}}

@inproceedings{alhaj,
  title={Synchronization wireless algorithm based on message digest (SWAMD) for mobile device database},
  author={Alhaj, Taqwa A and Taha, Mariam M and Alim, Faiza M},
  booktitle={Computing, Electrical and Electronics Engineering (ICCEEE), 2013 International Conference on},
  pages={259--262},
  year={2013},
  organization={IEEE}
}

@INPROCEEDINGS{v, 
author={V. Balakumar. and I. Sakthidevi.}, 
booktitle={2012 International Conference on Computing, Electronics and Electrical Technologies (ICCEET)}, 
title={An efficient database synchronization algorithm for mobile devices based on Secured Message Digest}, 
year={2012},  
pages={937-942}, 
organization={IEEE}}

@inproceedings{SM,
  title={Data Synchronization Model for Heterogeneous Mobile Databases and Server-side Database},
  author={Abdullahi Imam and Shuib Basri and Rohiza Ahmad},
  organization={IJACSA},
  year={2018},
  pages={521-531}}