@conference{j, 
author={J. Domingos and N. Simões and P. Pereira and C. Silva and L. Marcelino}, 
booktitle={2014 9th Iberian Conference on Information Systems and Technologies (CISTI)}, 
title={Database synchronization model for mobile devices}, 
year={2014}, 
pages={1-7},
organization={IEEE}}

@conference{domingos, 
author={J. Domingos and N. Simões and P. Pereira and C. Silva and L. Marcelino}, 
title={Database synchronization model for mobile devices}, 
year={2014}, 
pages={1-7},
booktitle= {2014 9th Iberian Conference on Information Systems and Technologies (CISTI)},
organization={IEEE}}

@conference{bar, 
author={D. Barbara}, 
journal={IEEE Transactions on Knowledge and Data Engineering}, 
title={Mobile computing and databases-a survey}, 
year={1999}, 
pages={108-117}, 
organization={IEEE}}

@conference{ramya,
  title={A stateful database synchronization approach for mobile devices},
  author={Ramya, B Sri and Koduri, Shirin Bhanu and Seetha, M},
  journal={International Journal of Soft Computing and Engineering (IJSCE)},
  number={3},
  year={2012}}
  
 @conference{Alonso,
 author = {Alonso, Rafael and Korth, Henry F.},
 title = {Database System Issues in Nomadic Computing},
 booktitle = {Proceedings of the 1993 ACM SIGMOD International Conference on Management of Data},
 year = {1993},
 pages = {388--392},
 publisher = {ACM}
} 

@conference{alhaj,
  title={Synchronization wireless algorithm based on message digest (SWAMD) for mobile device database},
  author={Alhaj, Taqwa A and Taha, Mariam M and Alim, Faiza M},
  booktitle={Computing, Electrical and Electronics Engineering (ICCEEE), 2013 International Conference on},
  pages={259--262},
  year={2013},
  organization={IEEE}
}

@conference{v, 
author={V. Balakumar. and I. Sakthidevi.}, 
booktitle={2012 International Conference on Computing, Electronics and Electrical Technologies (ICCEET)}, 
title={An efficient database synchronization algorithm for mobile devices based on Secured Message Digest}, 
year={2012},  
pages={937-942}, 
organization={IEEE}}

@conference{sethia, 
author={D. Sethia and S. Mehta and A. Chowdhary and K. Bhatt and S. Bhatnagar}, 
booktitle={2014 International Conference on Signal Processing and Integrated Networks (SPIN)}, 
title={MRDMS-mobile replicated database management synchronization}, 
year={2014}, 
pages={624-631},
organization={IEEE}}

@conference{lin, 
author={Zhijie Lin and Lei Zhang}, 
booktitle={2016 2nd IEEE International Conference on Computer and Communications (ICCC)}, 
title={Data synchronization algorithm for IoT gateway and platform}, 
year={2016},  
pages={114-119}, 
organization={IEEE}}

@conference{im,
 author = {Imielinski, Tomasz and Badrinath, B. R.},
 title = {Mobile Wireless Computing: Challenges in Data Management},
 issue_date = {Oct. 1994},
 year = {1994},
 pages = {18--28},
 publisher = {ACM}
} 
