@misc{convex,
	author= {Thomas Rothvoss},
         title= {Constructive discrepancy minimization for convex sets}}

@misc{NP, 
	author={Per Austrin and Johan HÃ¥stad and Venkatesan Guruswami}, 
	title={(2 + epsilon)- {SAT} is {NP}-{H}ard}}

